<record><leader>00000cas a22000007a 4500</leader><controlfield tag="001">20791347</controlfield><controlfield tag="008">891215c19899999hiumr ne      0    0eng d</controlfield><datafield ind1=" " ind2=" " tag="010"><subfield code="a">sn 89099301 </subfield></datafield><datafield ind1=" " ind2=" " tag="040"><subfield code="a">HUH</subfield><subfield code="b">eng</subfield><subfield code="c">HWN</subfield><subfield code="d">OCLCQ</subfield><subfield code="d">OCLCO</subfield><subfield code="d">OCLCQ</subfield></datafield><datafield ind1=" " ind2=" " tag="037"><subfield code="b">Le Mau, P.O. Box 27857, Honolulu HI 96827</subfield></datafield><datafield ind1="0" ind2=" " tag="041"><subfield code="a">eng</subfield><subfield code="a">sam</subfield></datafield><datafield ind1=" " ind2=" " tag="042"><subfield code="a">msc</subfield></datafield><datafield ind1=" " ind2=" " tag="043"><subfield code="a">n-us-hi</subfield></datafield><datafield ind1=" " ind2="4" tag="050"><subfield code="a">DU810</subfield><subfield code="b">.L36</subfield></datafield><datafield ind1="0" ind2="0" tag="245"><subfield code="a">Le mau.</subfield></datafield><datafield ind1="3" ind2="0" tag="246"><subfield code="a">Samoa international magazine</subfield></datafield><datafield ind1=" " ind2=" " tag="260"><subfield code="a">Honolulu, Hawaii :</subfield><subfield code="b">Taupou Productions,</subfield><subfield code="c">1989-</subfield></datafield><datafield ind1=" " ind2=" " tag="300"><subfield code="a">volumes :</subfield><subfield code="b">illustrations ;</subfield><subfield code="c">41 cm</subfield></datafield><datafield ind1=" " ind2=" " tag="310"><subfield code="a">Monthly</subfield></datafield><datafield ind1=" " ind2=" " tag="336"><subfield code="a">text</subfield><subfield code="b">txt</subfield><subfield code="2">rdacontent</subfield></datafield><datafield ind1=" " ind2=" " tag="337"><subfield code="a">unmediated</subfield><subfield code="b">n</subfield><subfield code="2">rdamedia</subfield></datafield><datafield ind1=" " ind2=" " tag="338"><subfield code="a">volume</subfield><subfield code="b">nc</subfield><subfield code="2">rdacarrier</subfield></datafield><datafield ind1="0" ind2=" " tag="362"><subfield code="a">Vol. 1, no. 1 (Aug. 1989)-</subfield></datafield><datafield ind1=" " ind2=" " tag="500"><subfield code="a">Subtitle: Samoa international magazine.</subfield></datafield><datafield ind1=" " ind2=" " tag="500"><subfield code="a">"In touch with Samoans around the world."</subfield></datafield><datafield ind1=" " ind2=" " tag="546"><subfield code="a">In English and Samoan.</subfield></datafield><datafield ind1=" " ind2="0" tag="650"><subfield code="a">Samoans</subfield><subfield code="z">Foreign countries</subfield><subfield code="v">Newspapers.</subfield></datafield><datafield ind1=" " ind2="0" tag="650"><subfield code="a">Samoans</subfield><subfield code="z">Hawaii</subfield><subfield code="v">Newspapers.</subfield></datafield><datafield ind1=" " ind2=" " tag="752"><subfield code="a">United States</subfield><subfield code="b">Hawaii</subfield><subfield code="c">Honolulu</subfield><subfield code="d">Honolulu.</subfield></datafield></record>